@incollection{RONGIER201327,
title = "Chapter 2 - Spaceport Design for Safety",
editor = "Firooz A. Allahdadi and Isabelle Rongier and Paul D. Wilde",
booktitle = "Safety Design for Space Operations",
publisher = "Butterworth-Heinemann",
address = "Oxford",
pages = "27 - 63",
year = "2013",
isbn = "978-0-08-096921-3",
doi = "https://doi.org/10.1016/B978-0-08-096921-3.00002-7",
url = "http://www.sciencedirect.com/science/article/pii/B9780080969213000027",
author = "Isabelle Rongier",
keywords = "Emergency Escape System, environmental protection, flight risk control, ground range safety, hazard zone, lightning protection system, risk assessment, safety design, safety regulations"
}