Automatically generated by Mendeley Desktop 1.19.3
Any changes to this file will be lost if it is regenerated by Mendeley.

BibTeX export options can be customized via Options -> BibTeX in Mendeley Desktop

@misc{NASA_NewHorizons,
title = {{The Fastest Spacecraft Ever? - Scientific American Blog Network}},
url = {https://blogs.scientificamerican.com/life-unbounded/the-fastest-spacecraft-ever/},
urldate = {2019-01-23}
}
@article{poliastro,
author = {Rodr{\'{i}}guez, Juan Luis Cano and Hidalgo, Antonio and Astrakhantsev, Nikita and Bapat, Shreyas and Lubi{\'{a}}n, Daniel and M{\'{a}}rquez, Alberto Lorenzo and Robles, Pablo Rodr{\'{i}}guez and AntoniiaK and Malhotra, Ritiek and Rossman, Matt and Selwood, Wil and Miller, Zac and MEng, Jonathan Erskine and Streicher, Ole and Badger, The Gitter and Jossy, Roshan and Ombredanne, Philippe and Galindo, Pablo and MiguelHB and Ettus, Matt and Alastuey, Jorge Ca{\~{n}}ardo and Navarro, Fran and Cody and Ansonyka},
doi = {10.5281/ZENODO.2527262},
month = {dec},
title = {{poliastro/poliastro: poliastro 0.11.1 (Christmas '19 edition)}},
url = {https://zenodo.org/record/2527262#.XEdnTlWYVaQ},
year = {2018}
}
